<record><leader>00000cas a22000007a 4500</leader><controlfield tag="001">40726753</controlfield><controlfield tag="008">990203d18uu19uumeuwr ne      0    0eng d</controlfield><datafield ind1=" " ind2=" " tag="010"><subfield code="a">sn 99066504 </subfield></datafield><datafield ind1=" " ind2=" " tag="040"><subfield code="a">MBN</subfield><subfield code="b">eng</subfield><subfield code="c">MBN</subfield><subfield code="d">OCLCQ</subfield><subfield code="d">OCLCF</subfield><subfield code="d">OCLCO</subfield></datafield><datafield ind1=" " ind2=" " tag="042"><subfield code="a">msc</subfield></datafield><datafield ind1=" " ind2=" " tag="043"><subfield code="a">n-us-me</subfield></datafield><datafield ind1="0" ind2=" " tag="130"><subfield code="a">Sea breeze (Northport, Me.)</subfield></datafield><datafield ind1="1" ind2="0" tag="245"><subfield code="a">Sea breeze.</subfield></datafield><datafield ind1=" " ind2=" " tag="260"><subfield code="a">Northport, Me. :</subfield><subfield code="b">Geo. E. Brackett</subfield></datafield><datafield ind1=" " ind2=" " tag="300"><subfield code="a">v.</subfield></datafield><datafield ind1=" " ind2=" " tag="310"><subfield code="a">Weekly</subfield></datafield><datafield ind1=" " ind2=" " tag="500"><subfield code="a">A weekly seaside seasonal journal.</subfield></datafield><datafield ind1=" " ind2=" " tag="500"><subfield code="a">Christmas/New Year souvenir edition, v. 22, 1899-1900, published in Belfast.</subfield></datafield><datafield ind1=" " ind2=" " tag="588"><subfield code="a">Description based on: No. 2 (Aug. 26, 1880).</subfield></datafield><datafield ind1=" " ind2="0" tag="651"><subfield code="a">Northport (Me.)</subfield><subfield code="v">Newspapers.</subfield></datafield><datafield ind1=" " ind2="0" tag="651"><subfield code="a">Belfast (Me.)</subfield><subfield code="v">Newspapers.</subfield></datafield><datafield ind1=" " ind2="7" tag="655"><subfield code="a">Newspapers.</subfield><subfield code="2">fast</subfield><subfield code="0">(OCoLC)fst01423814</subfield></datafield><datafield ind1=" " ind2="7" tag="651"><subfield code="a">Maine</subfield><subfield code="z">Belfast.</subfield><subfield code="2">fast</subfield><subfield code="0">(OCoLC)fst01223538</subfield></datafield><datafield ind1=" " ind2="7" tag="651"><subfield code="a">Maine</subfield><subfield code="z">Northport.</subfield><subfield code="2">fast</subfield><subfield code="0">(OCoLC)fst01297011</subfield></datafield><datafield ind1=" " ind2=" " tag="752"><subfield code="a">United States</subfield><subfield code="b">Maine</subfield><subfield code="c">Waldo</subfield><subfield code="d">Northport.</subfield></datafield><datafield ind1=" " ind2=" " tag="752"><subfield code="a">United States</subfield><subfield code="b">Maine</subfield><subfield code="c">Waldo</subfield><subfield code="d">Belfast.</subfield></datafield></record>